<?xml version="1.0" encoding="UTF-8"?><record xmlns="http://www.loc.gov/MARC21/slim" xmlns:cinclude="http://apache.org/cocoon/include/1.0" xmlns:zs="http://www.loc.gov/zing/srw/">
  <leader>00375cz  a2200121n  4500</leader>
  <controlfield tag="001">n  88286995 </controlfield>
  <controlfield tag="003">DLC</controlfield>
  <controlfield tag="005">20090609074843.0</controlfield>
  <controlfield tag="008">890908n| acannaab           |n anc      </controlfield>
  <datafield tag="010" ind1=" " ind2=" ">
    <subfield code="a">n  88286995 </subfield>
  </datafield>
  <datafield tag="040" ind1=" " ind2=" ">
    <subfield code="a">DLC</subfield>
    <subfield code="c">DLC</subfield>
    <subfield code="d">DLC</subfield>
  </datafield>
  <datafield tag="110" ind1="1" ind2=" ">
    <subfield code="a">Afghanistan.</subfield>
    <subfield code="b">Coordination Committee Operation Help</subfield>
  </datafield>
  <datafield tag="670" ind1=" " ind2=" ">
    <subfield code="a">Operation help, 1972:</subfield>
    <subfield code="b">leaf 3 (Coordination Committee Operation Help, Afghanistan)</subfield>
  </datafield>
</record>